<?xml version="1.0" encoding="UTF-8"?>
<record xmlns="http://www.loc.gov/MARC21/slim">
   <leader>02437cam a2200385 a 4500</leader>
   <controlfield tag="001">1112577</controlfield>
   <controlfield tag="003">NjP</controlfield>
   <controlfield tag="005">20190705143318.0</controlfield>
   <controlfield tag="008">950601s1907    ae            000 0 ara d</controlfield>
   <datafield tag="024" ind1="7" ind2=" ">
      <subfield code="a">princeton_aco004463</subfield>
      <subfield code="2">local</subfield>
   </datafield>
   <datafield ind1=" " ind2=" " tag="035">
      <subfield code="a">(CStRLIN)NJPG95-B34118</subfield>
   </datafield>
   <datafield ind1=" " ind2=" " tag="035">
      <subfield code="9">CCK6678TS</subfield>
   </datafield>
   <datafield ind1=" " ind2=" " tag="035">
      <subfield code="a">(NjP)1112577</subfield>
   </datafield>
   <datafield ind1=" " ind2=" " tag="040">
      <subfield code="a">NjP</subfield>
      <subfield code="c">PUL</subfield>
      <subfield code="d">PUL</subfield>
   </datafield>
   <datafield ind1=" " ind2=" " tag="049">
      <subfield code="a">PULL</subfield>
   </datafield>
   <datafield ind1=" " ind2=" " tag="035">
      <subfield code="a">(OCoLC)ocm36356735</subfield>
   </datafield>
   <datafield ind1="1" ind2=" " tag="100">
      <subfield code="6">880-01</subfield>
      <subfield code="a">Quṭrub, Muḥammad ibn al-Mustanīr,</subfield>
      <subfield code="d">-821 or 822.</subfield>
      <subfield code="0">http://id.loc.gov/authorities/names/n88635190</subfield>
   </datafield>
   <datafield ind1="1" ind2="0" tag="240">
      <subfield code="6">880-02</subfield>
      <subfield code="a">Muthallathāt Quṭrub</subfield>
   </datafield>
   <datafield ind1="1" ind2="0" tag="245">
      <subfield code="6">880-03</subfield>
      <subfield code="a">Hādhihi Muthallathāt ʻallāmat al-anām, qāmūs al-balāghah wa-nibrās al-afhām, Abī ʻAlī Muḥammad ibn al-Mustanīr al-maʻrūf bi-Quṭrub al-Naḥwī al-mutawaffá sanat 206 Hijrīyah, wa-huwa awwal wāḍiʻ li-hādhā al-fann kamā fī Kashf al-ẓunūn, raḥimahu Allāh, maʻa sharḥihā ʻalá al-tamām /</subfield>
      <subfield code="c">iʻtaná bi-taṣḥīḥihā Ibn Abī Shanab.</subfield>
   </datafield>
   <datafield ind1=" " ind2=" " tag="260">
      <subfield code="6">880-04</subfield>
      <subfield code="a">al-Jazāʼir :</subfield>
      <subfield code="b">al-Maṭbaʻah al-Thaʻālibīyah,</subfield>
      <subfield code="c">1907.</subfield>
   </datafield>
   <datafield ind1=" " ind2=" " tag="300">
      <subfield code="a">30 p. ;</subfield>
      <subfield code="c">17 cm.</subfield>
   </datafield>
   <datafield ind1=" " ind2=" " tag="500">
      <subfield code="6">880-05</subfield>
      <subfield code="a">"Sharḥ waḍaʻahu baʻḍ ʻulamāʼ al-lughah wa-al-adab ʻalá Muthallathāt Quṭrub."--P. [2]</subfield>
   </datafield>
   <datafield ind1=" " ind2="0" tag="650">
      <subfield code="a">Arabic language</subfield>
      <subfield code="v">Terms and phrases.</subfield>
      <subfield code="0">http://id.loc.gov/authorities/subjects/sh85006310</subfield>
   </datafield>
   <datafield ind1="1" ind2=" " tag="700">
      <subfield code="a">Ben Cheneb, Mohammed,</subfield>
      <subfield code="d">1869-1929.</subfield>
      <subfield code="0">http://id.loc.gov/authorities/names/n90662213</subfield>
   </datafield>
   <datafield ind1="1" ind2=" " tag="880">
      <subfield code="6">100-01/r</subfield>
      <subfield code="a">قطرب، محمد بن المستنير،</subfield>
      <subfield code="d">-821 or 822.</subfield>
   </datafield>
   <datafield ind1="1" ind2="0" tag="880">
      <subfield code="6">240-02/r</subfield>
      <subfield code="a">مثلثات قطرب</subfield>
   </datafield>
   <datafield ind1="1" ind2="0" tag="880">
      <subfield code="6">245-03/r</subfield>
      <subfield code="a">هذه مثلثات علامة الانام، قاموس البلاغة ونبراس الافهام، ابي علي محمد بن المستنير المعروف بقطرب النحوي المتوفى سنة 206 هجرية، وهو اول واضع لهذه الفن كما في كشف الظنون، رحمه الله، مع شرحها على التمام /</subfield>
      <subfield code="c">اعتنى بتصحيحها ابن ابي شنب.</subfield>
   </datafield>
   <datafield ind1=" " ind2=" " tag="880">
      <subfield code="6">260-04/r</subfield>
      <subfield code="a">الجزائر :</subfield>
      <subfield code="b">المطبعة الثعالبية،</subfield>
      <subfield code="c">1907.</subfield>
   </datafield>
   <datafield ind1=" " ind2=" " tag="880">
      <subfield code="6">500-05/r</subfield>
      <subfield code="a">"شرح وضعه بعض علماء اللغة والادب على مثلثات قطرب."P. [2]</subfield>
   </datafield>
   <datafield ind1="4" ind2=" " tag="856">
      <subfield code="u">http://hdl.handle.net/2027/njp.32101073254896</subfield>
   </datafield>
   <datafield ind1=" " ind2=" " tag="998">
      <subfield code="a">01/28/97</subfield>
      <subfield code="s">9114</subfield>
      <subfield code="n">NjP</subfield>
      <subfield code="w">NJPG95B34118</subfield>
      <subfield code="d">06/01/95</subfield>
      <subfield code="c">AAH</subfield>
      <subfield code="b">KC</subfield>
      <subfield code="i">970128</subfield>
      <subfield code="l">NJPG</subfield>
   </datafield>
   <datafield ind1=" " ind2=" " tag="948">
      <subfield code="a">con</subfield>
   </datafield>
   <datafield ind1=" " ind2=" " tag="911">
      <subfield code="a">19970206</subfield>
   </datafield>
   <datafield ind1=" " ind2=" " tag="912">
      <subfield code="a">19970128000000.0</subfield>
   </datafield>
   <datafield ind1=" " ind2=" " tag="994">
      <subfield code="a">C0</subfield>
      <subfield code="b">PUL</subfield>
   </datafield>
   <datafield ind1=" " ind2=" " tag="999">
      <subfield code="a">1112577</subfield>
   </datafield>
   <datafield ind1=" " ind2=" " tag="979">
      <subfield code="a">(OCoLC)ocn176522630</subfield>
   </datafield>
   <datafield ind1="8" ind2="0" tag="852">
      <subfield code="0">1277704</subfield>
      <subfield code="b">rcppa</subfield>
      <subfield code="t">1</subfield>
      <subfield code="h">2274.173.364</subfield>
      <subfield code="x">tr fr f</subfield>
   </datafield>
   <datafield ind1="8" ind2=" " tag="852">
      <subfield code="0">8687864</subfield>
      <subfield code="b">elf1</subfield>
      <subfield code="h">Electronic Resource</subfield>
   </datafield>
   <datafield ind1=" " ind2=" " tag="959">
      <subfield code="a">2000-06-08 00:00:00 -0500</subfield>
   </datafield>
</record>
